
@book{MD,
  author = "渡邉孝信",
  title = "分子動力学法と原子間ポテンシャル",
  publisher = "森北出版",
  year = 2023,
}

@book{Rhythm,
  author = "蔵本由紀",
  title = "リズム現象の世界",
  publisher = "東京大学出版会",
  year = 2013,
}

@article{Yoshida,
  author          = {A. Yoshida, N. Nakagawa and S. Sasa},
  journal         = {},
  number          = {},
  title           = {arXiv:2310.05817},
  volume          = {},
  year            = {}
}
A. Yoshida, N. Nakagawa and S. Sasa, arXiv:2310.05817

@article{Tachi,
  author          = {舘享祐},
  journal         = {茨城大学},
  number          = {},
  title           = {密度不均一を課した平衡系および
  非平衡系の大域的熱力学構造},
  volume          = {},
  year            = {2019}
}