
@book{MD,
  author = "渡邉孝信",
  title = "分子動力学法と原子間ポテンシャル",
  publisher = "森北出版",
  year = 2023,
}

@book{Rhythm,
  author = "蔵本由紀",
  title = "リズム現象の世界",
  publisher = "東京大学出版会",
  year = 2013,
}

@article{Yoshida,
  author          = {吉田旭},
  journal         = {茨城大学},
  number          = {},
  title           = {},
  volume          = {},
  year            = {}
}